<?xml version="1.0" encoding="UTF-8"?><collection xmlns="http://www.loc.gov/MARC21/slim"><record><leader>00357nam--2200133-i-4500</leader><controlfield tag="001">000015766</controlfield><controlfield tag="002">20161230</controlfield><controlfield tag="005">20161230201031</controlfield><controlfield tag="008">060222s1000------------r-----000-0-eng-d</controlfield><datafield ind1=" " ind2=" " tag="100"><subfield code="a">Demetrescu, Ioana Si Drimer, Dolphi</subfield></datafield><datafield ind1=" " ind2=" " tag="245"><subfield code="a">Fibre de carbon</subfield></datafield><datafield ind1=" " ind2=" " tag="260"><subfield code="a">Bucuresti, Ed.Tehnica, 1986</subfield></datafield><datafield ind1=" " ind2=" " tag="490"><subfield code="a">Colectia  Stiinta Si Tehnica Pentru Toti</subfield></datafield><datafield ind1=" " ind2=" " tag="852"><subfield code="a">661.66</subfield></datafield></record></collection>